<record><leader>00000cas a22000007a 4500</leader><controlfield tag="001">12282541</controlfield><controlfield tag="008">850719d19531953wiuwr ne      0    0eng d</controlfield><datafield ind1=" " ind2=" " tag="010"><subfield code="a">sn 85040860 </subfield></datafield><datafield ind1=" " ind2=" " tag="040"><subfield code="a">NPV</subfield><subfield code="b">eng</subfield><subfield code="c">NPV</subfield><subfield code="d">OCLCQ</subfield></datafield><datafield ind1=" " ind2=" " tag="042"><subfield code="a">msc</subfield></datafield><datafield ind1=" " ind2=" " tag="045"><subfield code="a">x5x5</subfield></datafield><datafield ind1=" " ind2=" " tag="052"><subfield code="a">4123</subfield><subfield code="b">S3</subfield></datafield><datafield ind1="0" ind2="4" tag="245"><subfield code="a">The Sauk County news. The pioneer press.</subfield></datafield><datafield ind1=" " ind2=" " tag="260"><subfield code="a">Prairie du Sac, Wis. :</subfield><subfield code="b">L. Gore,</subfield><subfield code="c">1953-1953.</subfield></datafield><datafield ind1=" " ind2=" " tag="300"><subfield code="a">1 v. :</subfield><subfield code="b">ill.</subfield></datafield><datafield ind1=" " ind2=" " tag="310"><subfield code="a">Weekly</subfield></datafield><datafield ind1="0" ind2=" " tag="362"><subfield code="a">No. 52 (Aug. 18, 1953).</subfield></datafield><datafield ind1=" " ind2=" " tag="500"><subfield code="a">Editor: C. Ragatz.</subfield></datafield><datafield ind1=" " ind2=" " tag="530"><subfield code="a">Available on microfilm from The State Historical Society of Wisconsin.</subfield></datafield><datafield ind1=" " ind2=" " tag="580"><subfield code="a">Merged in part with Sauk City star to form Sauk-Prairie star.</subfield></datafield><datafield ind1=" " ind2=" " tag="752"><subfield code="a">United States</subfield><subfield code="b">Wisconsin</subfield><subfield code="c">Sauk</subfield><subfield code="d">Prairie du Sac.</subfield></datafield><datafield ind1="0" ind2="0" tag="780"><subfield code="t">Sauk County news and the pioneer press</subfield><subfield code="w">(DLC)sn 85040859</subfield></datafield><datafield ind1="0" ind2="1" tag="785"><subfield code="t">Sauk-Prairie news</subfield><subfield code="w">(DLC)sn 85040861</subfield></datafield><datafield ind1="1" ind2="7" tag="785"><subfield code="t">Sauk City star</subfield><subfield code="w">(DLC)sn 85040862</subfield></datafield><datafield ind1="1" ind2="7" tag="785"><subfield code="t">Sauk-Prairie star</subfield><subfield code="w">(DLC)sn 85040863</subfield></datafield><datafield ind1="1" ind2=" " tag="029"><subfield code="a">AU@</subfield><subfield code="b">000025806532</subfield></datafield></record>